<record><leader>00000cas a22000007a 4500</leader><controlfield tag="001">11002690</controlfield><controlfield tag="008">840730c18919999wiuwr ne      0   a0eng d</controlfield><datafield ind1=" " ind2=" " tag="010"><subfield code="a">sn 84006521 </subfield></datafield><datafield ind1=" " ind2=" " tag="040"><subfield code="a">NSD</subfield><subfield code="b">eng</subfield><subfield code="c">NSD</subfield><subfield code="d">NPV</subfield><subfield code="d">OCLCQ</subfield></datafield><datafield ind1=" " ind2=" " tag="012"><subfield code="l">1</subfield><subfield code="m">1</subfield></datafield><datafield ind1="1" ind2=" " tag="022"><subfield code="a">0748-6898</subfield><subfield code="l">0748-6898</subfield><subfield code="2">1</subfield></datafield><datafield ind1=" " ind2=" " tag="032"><subfield code="a">024160</subfield><subfield code="b">USPS</subfield></datafield><datafield ind1=" " ind2=" " tag="037"><subfield code="b">Palmer J. Sondreal, P.O. Box 338, Amery, WI 54001</subfield></datafield><datafield ind1=" " ind2=" " tag="042"><subfield code="a">nsdp</subfield></datafield><datafield ind1=" " ind2="0" tag="222"><subfield code="a">Amery free press</subfield></datafield><datafield ind1="0" ind2="0" tag="245"><subfield code="a">Amery free press.</subfield></datafield><datafield ind1="1" ind2="3" tag="246"><subfield code="a">Free press</subfield></datafield><datafield ind1=" " ind2=" " tag="260"><subfield code="a">Amery, Wis. :</subfield><subfield code="b">W.E. Harding</subfield></datafield><datafield ind1=" " ind2=" " tag="300"><subfield code="a">v. :</subfield><subfield code="b">ill.</subfield></datafield><datafield ind1=" " ind2=" " tag="310"><subfield code="a">Weekly</subfield></datafield><datafield ind1=" " ind2=" " tag="321"><subfield code="a">Weekly,</subfield><subfield code="b">&lt;Vol. 15, no. 3 (Oct. 18, 1906)&gt;-v. 82, no. 38 (Apr. 13, 1976)</subfield></datafield><datafield ind1=" " ind2=" " tag="321"><subfield code="a">Semiweekly,</subfield><subfield code="b">Vol. 82, no. 39 (Apr. 20, 1976)-Dec. 22, 1977</subfield></datafield><datafield ind1="1" ind2=" " tag="362"><subfield code="a">Began 1891.</subfield><subfield code="z">Cf. Oehlerts, d. E. Guide to Wis. newspapers.</subfield></datafield><datafield ind1=" " ind2=" " tag="500"><subfield code="a">Publisher varies.</subfield></datafield><datafield ind1=" " ind2=" " tag="525"><subfield code="a">Supplements accompany some issues.</subfield></datafield><datafield ind1=" " ind2=" " tag="588"><subfield code="a">Description based on: Vol. 15, no. 3 (Oct. 18, 1906).</subfield></datafield><datafield ind1=" " ind2=" " tag="752"><subfield code="a">United States</subfield><subfield code="b">Wisconsin</subfield><subfield code="c">Polk</subfield><subfield code="d">Amery.</subfield></datafield></record>